@article{Sahni_2004,
   title={5 Dark Matter and Dark Energy},
   ISBN={9783540315353},
   ISSN={1616-6361},
   url={http://dx.doi.org/10.1007/978-3-540-31535-3_5},
   DOI={10.1007/978-3-540-31535-3_5},
   journal={Lecture Notes in Physics},
   publisher={Springer Berlin Heidelberg},
   author={Sahni, Varun},
   year={2004},
   month={Dec},
   pages={141–179}
}

@article{Faber_2006,
   title={Combining rotation curves and gravitational lensing: how to measure the equation of state of dark matter in the galactic halo},
   volume={372},
   ISSN={1365-2966},
   url={http://dx.doi.org/10.1111/j.1365-2966.2006.10845.x},
   DOI={10.1111/j.1365-2966.2006.10845.x},
   number={1},
   journal={Monthly Notices of the Royal Astronomical Society},
   publisher={Oxford University Press (OUP)},
   author={Faber, T. and Visser, M.},
   year={2006},
   month={Oct},
   pages={136–142}
}

@article{Peebles_2003,
   title={The cosmological constant and dark energy},
   volume={75},
   ISSN={1539-0756},
   url={http://dx.doi.org/10.1103/RevModPhys.75.559},
   DOI={10.1103/revmodphys.75.559},
   number={2},
   journal={Reviews of Modern Physics},
   publisher={American Physical Society (APS)},
   author={Peebles, P. J. E. and Ratra, Bharat},
   year={2003},
   month={Apr},
   pages={559–606}
}
